@article{buschmann2015lepton,
  title={Lepton jets from radiating dark matter},
  author={Buschmann, Malte and Kopp, Joachim and Liu, Jia and Machado, Pedro AN},
  journal={Journal of High Energy Physics},
  volume={2015},
  number={7},
  pages={1--34},
  year={2015},
  publisher={Springer}
}